@book{SH:2012,
    author    = "Kurt Stüwe and Ruedi Homberger",
    title     = "{Die Geologie der Alpen aus der Luft}",
    publisher = "Weishaupt Verlag",
    edition   = "4.",
    year      = "2012",
    ISBN      = "978-3-7059-0314-2"
}
@online{NOT:2013:Online,
    author = {{Naturpark Ötscher-Tormäuer}},
    title = {{Die Geschichte des Naturparks}},
    month = jun,
    year = {2013},
    url = {http://www.naturpark-oetscher.at/d/default.asp?id=87454}
}
